% This file was created with JabRef 2.9.2.
% Encoding: Cp1252

@INPROCEEDINGS{laroche2015structuredhidden,
  author = {Hidden for the review process}
}

@ARTICLE{larocheJournalhidden,
  author = {Hidden for the review process}
}

@ARTICLE{abdallah2006unsupervised,
  author = {S.A. Abdallah and M.D. Plumbley},
  title = {Unsupervised analysis of polyphonic music by sparse coding},
  journal = {IEEE Transactions on Neural Networks},
  year = {2006},
  pages = {179-196}
}

@INPROCEEDINGS{abdallah2004polyphonic,
  author = {S.A. Abdallah and M.D. Plumbley},
  title = {Polyphonic music transcription by non-negative sparse coding of power
	spectra},
  booktitle = {Proc. of ISMIR},
  year = {2004},
  pages = {318--325}
}

@ARTICLE{aharon2006img,
  author = {M. Aharon and M. Elad and A. Bruckstein, Alfred},
  title = {{K-SVD}: An Algorithm for Designing Overcomplete Dictionaries for
	Sparse Representation},
  journal = {IEEE Transactions on Signal Processing},
  year = {2006},
  pages = {4311-4322}
}

@INPROCEEDINGS{SiSec10,
  author = {S. Araki and A. Ozerov and V. Gowreesunker and H. Sawada and F. Theis
	and G. Nolte and D. Lutter and N. Duong},
  title = {The 2010 signal Separation evaluation campaign: audio source separation},
  booktitle = {Proc. of LVA/ICA},
  year = {2010},
  pages = {114-122}
}

@ARTICLE{aucouturier2003representing,
  author = {J.J. Aucouturier and F. Pachet},
  title = {Representing musical genre: A state of the art},
  journal = {Journal of New Music Research},
  year = {2003},
  pages = {83-93},
  publisher = {Taylor \& Francis}
}

@ARTICLE{dblp,
  author = {P. Balazs and M. Dorfler and M. Kowalski and B. Torr\'esani, Bruno},
  title = {Adapted and Adaptive Linear Time-Frequency Representations: A Synthesis
	Point of View.},
  journal = {Signal Processing Magazine},
  year = {2013},
  pages = {20-31}
}

@ARTICLE{baseISTA,
  author = {A. Beck and M. Teboulle},
  title = {Gradient-Based Algorithms with Applications to Signal Recovery Problems},
  journal = {Convex Optimization in Signal Processing and Communications},
  year = {2009}
}

@INPROCEEDINGS{NB:ICASSP-07,
  author = {N. {Bertin} and R. {Badeau} and G. {Richard}},
  title = {Blind signal decompositions for automatic transcription of polyphonic
	music: {NMF} and {K-SVD} on the benchmark},
  booktitle = {Proc. of IEEE ICASSP},
  year = {2007},
  pages = {65-68}
}

@INPROCEEDINGS{Bertin07,
  author = {N. Bertin and R.Badeau and G.Richard},
  title = {Blind Signal Decompositions for Automatic Transcription of Polyphonic
	Music: {NMF} and {K-SVD} on the Benchmark.},
  booktitle = {Proc. of IEEE ICASSP},
  year = {2007},
  pages = {65-68}
}

@INPROCEEDINGS{bittner2014medleydb,
  author = {R. Bittner and J. Salamon and M. Tierney and M. Mauch and C. Cannam
	and J. Bello},
  title = {Medley{DB}: A Multitrack Dataset for Annotation-Intensive {MIR} Research},
  booktitle = {Proc. of ISMIR},
  year = {2014}
}

@ARTICLE{boll1979suppression,
  author = {S. Boll},
  title = {Suppression of acoustic noise in speech using spectral subtraction},
  journal = {IEEE Transactions on Acoustics, Speech and Signal Processing},
  year = {1979},
  pages = {113-120}
}

@ARTICLE{canadas2014percussive,
  author = {F. Canadas-Quesada and P. Vera-Candeas and N. Ruiz-Reyes and J. Carabias-Orti
	and P. Cabanas-Molero},
  title = {Percussive/harmonic sound separation by non-negative matrix factorization
	with smoothness/sparseness constraints},
  journal = {EURASIP Journal on Audio, Speech, and Music Processing},
  year = {2014},
  pages = {1-17}
}

@INPROCEEDINGS{choi,
  author = {S. Choi},
  title = {Algorithms for orthogonal nonnegative matrix factorization},
  booktitle = {Proc. of IEEE IJCNN},
  year = {2008},
  pages = {1828-1832}
}

@BOOK{cichocki2009nonnegative,
  title = {Nonnegative matrix and tensor factorizations: applications to exploratory
	multi-way data analysis and blind source separation},
  publisher = {John Wiley \& Sons},
  year = {2009},
  author = {Cichocki, Andrzej and Zdunek, Rafal and Phan, Anh Huy and Amari,
	Shun-ichi}
}

@INCOLLECTION{daudet2006review,
  author = {L. Daudet},
  title = {A review on techniques for the extraction of transients in musical
	signals},
  booktitle = {Computer Music Modeling and Retrieval},
  publisher = {Springer},
  year = {2006},
  pages = {219-232}
}

@INPROCEEDINGS{DriedgerMueller14_TSMToolbox_DAFX,
  author = {Jonathan Driedger and Meinard M{\"u}ller},
  title = {TSM Toolbox: MATLAB Implementations of Time-Scale Modification Algorithms},
  booktitle = {Proc. of DAFx},
  year = {2014},
  pages = {249-256}
}

@ARTICLE{DurrieuDR11,
  author = {JL. Durrieu and B.David and G.Richard},
  title = {A Musically Motivated Mid-Level Representation for Pitch Estimation
	and Musical Audio Source Separation.},
  journal = {Journal of Selected Topics in Signal Processing},
  year = {2011},
  pages = {1180-1191}
}

@INPROCEEDINGS{DurrieuRD08,
  author = {JL. Durrieu and G.Richard and B.David},
  title = {Singer melody extraction in polyphonic signals using source separation
	methods.},
  booktitle = {Proc. of IEEE ICASSP},
  year = {2008},
  pages = {169-172}
}

@ARTICLE{JLD:TASLP10,
  author = {J. Durrieu and G. Richard and B. David and C. F{\'e}votte},
  title = {Source/filter model for unsupervised main melody extraction from
	polyphonic audio signals},
  journal = {IEEE Transactions on Audio, Speech, Language Process.},
  year = {2010},
  pages = {564-575}
}

@ARTICLE{ellis2007beat,
  author = {D. Ellis},
  title = {Beat tracking by dynamic programming},
  journal = {Journal of New Music Research},
  year = {2007},
  pages = {51-60}
}

@INPROCEEDINGS{eronen2000musical,
  author = {A. Eronen and A. Klapuri},
  title = {Musical instrument recognition using cepstral coefficients and temporal
	features},
  booktitle = {Proc. of IEEE ICASSP},
  year = {2000},
  pages = {753-756}
}

@ARTICLE{EwertM12,
  author = {S. Ewert and M. M{\"u}ller},
  title = {Score-Informed Source Separation for Music Signals},
  journal = {Multimodal music processing},
  year = {2012},
  pages = {73-94}
}

@ARTICLE{fevotte2009nonnegative,
  author = {C. F{\'e}votte and N. Bertin and JL.Durrieu},
  title = {Nonnegative matrix factorization with the Itakura-Saito divergence:
	With application to music analysis},
  journal = {Neural Computation},
  year = {2009},
  pages = {793-830},
  publisher = {MIT Press}
}

@INPROCEEDINGS{fevotte2013non,
  author = {C. F{\'e}votte and J. Le Roux and J.R Hershey},
  title = {Non-negative dynamical system with application to speech and audio},
  booktitle = {Proc. of IEEE ICASSP},
  year = {2013},
  pages = {3158-3162}
}

@ARTICLE{betanmf,
  author = {C.~F\'evotte and J.~Idier},
  title = {Algorithms for nonnegative matrix factorization with the beta-divergence},
  journal = {Neural Computation},
  year = {2011},
  pages = {2421-2456}
}

@INPROCEEDINGS{fitzgerald2011upmixing,
  author = {D. Fitzgerald},
  title = {Upmixing from mono-a source separation approach},
  booktitle = {Proc. of IEEE DSP},
  year = {2011},
  pages = {1-7}
}

@INPROCEEDINGS{fitzgerald2010harmonic,
  author = {D. Fitzgerald},
  title = {Harmonic/percussive separation using median filtering},
  booktitle = {Proc. of DAFx},
  year = {2010},
  date-modified = {2015-02-09 17:25:22 +0000}
}

@INPROCEEDINGS{fritsch2013score,
  author = {Fritsch, Joerg and Plumbley, Mark D},
  title = {Score informed audio source separation using constrained nonnegative
	matrix factorization and score synthesis},
  booktitle = {Proc. of IEEE ICASSP},
  year = {2013},
  pages = {888-891}
}

@BOOK{gersho2012vector,
  title = {Vector quantization and signal compression},
  publisher = {Springer Science \& Business Media},
  year = {2012},
  author = {A. Gersho and R.M. Gray}
}

@ARTICLE{OG:TSALP-08,
  author = {O. {Gillet} and G. {Richard}},
  title = {Transcription and Separation of Drum Signals from Polyphonic Music},
  journal = {IEEE Transactions on Audio, Speech and Language Processing},
  year = {2008},
  volume = {16},
  pages = {529-540},
  number = {3}
}

@INPROCEEDINGS{gillet2006enst,
  author = {O. Gillet and G. Richard},
  title = {ENST-Drums: an extensive audio-visual database for drum signals processing.},
  booktitle = {Proc. of ISMIR},
  year = {2006},
  pages = {156-159}
}

@INPROCEEDINGS{gouyon2004evaluating,
  author = {F. Gouyon and S. Dixon and E. Pampalk and G. Widmer},
  title = {Evaluating rhythmic descriptors for musical genre classification},
  booktitle = {Proc. of AES},
  year = {2004},
  pages = {196-204}
}

@ARTICLE{gray1980distortion,
  author = {Gray, Robert M and Buzo, Andres and Gray Jr, Augustine H and Matsuyama,
	Yasuo},
  title = {Distortion measures for speech processing},
  journal = {Transactions on Acoustics, Speech and Signal Processing.},
  year = {1980},
  volume = {28},
  pages = {367-376},
  number = {4},
  publisher = {IEEE}
}

@INPROCEEDINGS{HennequinDAFx2010,
  author = {R. Hennequin and R. Badeau and B. David},
  title = {TIME-DEPENDENT PARAMETRIC AND HARMONIC TEMPLATES IN NON-NEGATIVE
	MATRIX FACTORIZATION},
  booktitle = {Proc. of DAFx},
  year = {2010},
  pages = {246-253},
  date-modified = {2015-02-09 16:03:29 +0000}
}

@INPROCEEDINGS{hennequin2011score,
  author = {R. Hennequin and B. David and R. Badeau},
  title = {Score informed audio source separation using a parametric model of
	non-negative spectrogram},
  booktitle = {Proc. of IEEE ICASSP},
  year = {2011}
}

@INPROCEEDINGS{hockman2012one,
  author = {J. Hockman and M. Davies and I. Fujinaga},
  title = {One in the Jungle: Downbeat Detection in Hardcore, Jungle, and Drum
	and Bass.},
  booktitle = {Proc. of ISMIR},
  year = {2012},
  pages = {169-174}
}

@ARTICLE{hsu2012tandem,
  author = {C. Hsu and D. Wang and J.R. Jang and K. Hu},
  title = {A tandem algorithm for singing pitch extraction and voice separation
	from music accompaniment},
  journal = {IEEE Transactions on Audio, Speech, and Language Processing.},
  year = {2012},
  pages = {1482-1491}
}

@INPROCEEDINGS{huang2012singing,
  author = {P. Huang and S.D. Chen and P. Smaragdis and M. Hasegawa-Johnson},
  title = {Singing-voice separation from monaural recordings using robust principal
	component analysis},
  booktitle = {Proc. of IEEE ICASSP},
  year = {2012},
  pages = {57-60}
}

@INPROCEEDINGS{iwakami1995high,
  author = {Iwakami, Naoki and Moriya, Takehiro and Miki, Satoshi},
  title = {High-quality audio-coding at less than 64 kbit/s by using transform-domain
	weighted interleave vector quantization (TWINVQ)},
  booktitle = {In Proc. of IEEE ICASSP},
  year = {1995},
  pages = {3095-3098}
}

@INPROCEEDINGS{jaureguiberry2011adaptation,
  author = {X. Jaureguiberry and P. Leveau and S. Maller and J. Burred},
  title = {Adaptation of source-specific dictionaries in non-negative matrix
	factorization for source separation},
  booktitle = {Proc. of IEEE ICASSP},
  year = {2011},
  pages = {5-8}
}

@INPROCEEDINGS{jiang2011learning,
  author = {Z. Jiang and Z. Lin and L.S Davis},
  title = {Learning a discriminative dictionary for sparse coding via label
	consistent {K-SVD}},
  booktitle = {Proc. of CVPR},
  year = {2011},
  pages = {1697-1704}
}

@ARTICLE{kim2011nonnegative,
  author = {M. Kim and J. Yoo and K. Kang and S. Choi},
  title = {Nonnegative matrix partial co-factorization for spectral and temporal
	drum source separation},
  journal = {Journal of Selected Topics in Signal Processing},
  year = {2011},
  pages = {1192-1204},
  publisher = {IEEE}
}

@ARTICLE{klapuri2008multipitch,
  author = {A. Klapuri},
  title = {Multipitch analysis of polyphonic music and speech signals using
	an auditory model},
  journal = {IEEE Transactions on Audio, Speech, and Language Processing},
  year = {2008},
  pages = {255-266},
  publisher = {IEEE}
}

@INPROCEEDINGS{lampropoulos2005musical,
  author = {A. Lampropoulos and P. Lampropoulou and G. Tsihrintzis},
  title = {Musical Genre Classification Enhanced by Improved Source Separation
	Technique.},
  booktitle = {Proc. of ISMIR},
  year = {2005},
  pages = {576-581}
}

@ARTICLE{larocheJournal,
  author = {C. Laroche and M. Kowalski and H. Papadopoulous and G.Richard},
  title = {Structured Projective Non Negative Matrix Factorization with drum
	dictionaries for Harmonic/Percussive Source Separation},
  journal = {Submitted to IEEE Transactions on Acoustics, Speech and Signal Processing}
}

@INPROCEEDINGS{laroche2015structured,
  author = {C. Laroche and M. Kowalski and H. Papadopoulous and G.Richard},
  title = {A structured nonnegative matrix factorization for source separation},
  booktitle = {Proc. of EUSIPCO},
  year = {2015}
}

@ARTICLE{Lee01algorithmsfor,
  author = {D. Lee and S. Seung},
  title = {Algorithms for Non-negative Matrix Factorization},
  journal = {Proc. of NIPS},
  year = {2001},
  pages = {556-562},
  booktitle = {Neural Information Processing Systems},
  publisher = {MIT Press}
}

@ARTICLE{lee99,
  author = {D. Lee and S. Seung},
  title = {Learning the parts of objects by nonnegative matrix factorization},
  journal = {Nature},
  year = {1999},
  pages = {788-791}
}

@ARTICLE{lee2008acoustic,
  author = {K. Lee and M. Slaney},
  title = {Acoustic chord transcription and key extraction from audio using
	key-dependent HMMs trained on synthesized audio},
  journal = {IEEE Transactions on Audio, Speech, and Language Processing},
  year = {2008},
  pages = {291-301}
}

@INPROCEEDINGS{li2003comparative,
  author = {T. Li and M.Ogihara and Q. Li},
  title = {A comparative study on content-based music genre classification},
  booktitle = {Proc. of ACM},
  year = {2003},
  pages = {282--289}
}

@INPROCEEDINGS{liutkus2015generalized,
  author = {A. Liutkus and R. Badeau},
  title = {Generalized Wiener filtering with fractional power spectrograms},
  booktitle = {Proc. of IEEE ICASSP},
  year = {2015},
  pages = {266-270}
}

@INPROCEEDINGS{mckay2006musical,
  author = {C. McKay and I. Fujinaga},
  title = {Musical genre classification: Is it worth pursuing and how can it
	be improved?},
  booktitle = {Proc. of ISMIR},
  year = {2006},
  pages = {101-106}
}

@INPROCEEDINGS{ni2012using,
  author = {Y. Ni and M. McVicar and R. Santos-Rodriguez and T. De Bie},
  title = {Using Hyper-genre Training to Explore Genre Information for Automatic
	Chord Estimation.},
  booktitle = {Proc. of ISMIR},
  year = {2012},
  pages = {109--114}
}

@INPROCEEDINGS{ono2008separation,
  author = {N. Ono and K. Miyamoto and J. Le Roux and H. Kameoka and S. Sagayama},
  title = {Separation of a monaural audio signal into harmonic/percussive components
	by complementary diffusion on spectrogram},
  booktitle = {Proc. of EUSIPCO},
  year = {2008}
}

@INPROCEEDINGS{paulus2005drum,
  author = {J. Paulus and T. Virtanen},
  title = {Drum transcription with non-negative spectrogram factorisation},
  booktitle = {Proc. of EUSIPCO},
  year = {2005},
  pages = {1-4}
}

@INPROCEEDINGS{peeters2003automatic,
  author = {G. Peeters},
  title = {Automatic classification of large musical instrument databases using
	hierarchical classifiers with inertia ratio maximization},
  booktitle = {Audio Engineering Society Convention 115},
  year = {2003}
}

@INPROCEEDINGS{peeters2003hierarchical,
  author = {Peeters, Geoffroy and Rodet, Xavier},
  title = {Hierarchical gaussian tree with inertia ratio maximization for the
	classification of large musical instruments databases},
  booktitle = {Proc. of DAFx},
  year = {2003}
}

@ARTICLE{plumbley2010sparse,
  author = {M.D. Plumbley and T. Blumensath and L. Daudet and R. Gribonval and
	M.E. Davies},
  title = {Sparse representations in audio and music: from coding to source
	separation},
  journal = {Proceedings of the IEEE},
  year = {2010},
  pages = {995-1005}
}

@ARTICLE{pompili2014,
  author = {F. Pompili and N. Gillis and P-A. Absil and F. Glineur},
  title = {Two algorithms for orthogonal nonnegative matrix factorization with
	application to clustering},
  journal = {Neurocomputing},
  year = {2014},
  pages = {15-25}
}

@ARTICLE{ONMF,
  author = {F. Pompili and N. Gillis and P-A. Absil and F. Glineur},
  title = {{ONP-MF} : An Orthogonal Nonnegative Matrix Factorisation Algorithm
	with Applications to Clustering},
  journal = {ESANN},
  year = {2013}
}

@INPROCEEDINGS{raczynski2007multipitch,
  author = {Raczy{\'n}ski, Stanis{\l}aw A and Ono, Nobutaka and Sagayama, Shigeki},
  title = {Multipitch analysis with harmonic nonnegative matrix approximation},
  booktitle = {Proc. of ISMIR},
  year = {2007}
}

@ARTICLE{Richman74,
  author = {D. Richman and H. Schneider},
  title = {Primes in the semigroup of non-negative matrices},
  journal = {Linear and multilinear algebra},
  year = {1974},
  pages = {135-140}
}

@INPROCEEDINGS{rump2010autoregressive,
  author = {H. Rump and S. Miyabe and E. Tsunoo and N. Ono and S. Sagayama},
  title = {Autoregressive MFCC Models for Genre Classification Improved by Harmonic-percussion
	Separation.},
  booktitle = {Proc. of ISMIR},
  year = {2010},
  pages = {87-92}
}

@INPROCEEDINGS{ewert2012using,
  author = {S.Ewert and M.M{\"u}ller},
  title = {Using score-informed constraints for NMF-based source separation},
  booktitle = {Proc. of IEEE ICASSP.},
  year = {2012},
  pages = {129-132}
}

@ARTICLE{salamon2012melody,
  author = {J. Salamon and E. G{\'o}mez},
  title = {Melody extraction from polyphonic music signals using pitch contour
	characteristics},
  journal = {Transactions on Audio, Speech, and Language Processing.},
  year = {2012},
  pages = {1759-1770},
  publisher = {IEEE}
}

@INPROCEEDINGS{schmidt2006single,
  author = {M.N. Schmidt and R.K. Olsson},
  title = {Single-channel speech separation using sparse non-negative matrix
	factorization},
  booktitle = {Proc. of INTERSPEECH},
  year = {2006}
}

@INPROCEEDINGS{icassp14b,
  author = {N.~Seichepine and S.~Essid and C.~F{\'e}votte and O.~Capp{\'e}},
  title = {Piecewise constant nonnegative matrix factorization},
  booktitle = {Proc. of IEEE ICASSP},
  year = {2014},
  address = {Florence, Italy},
  month = {May},
  bdsk-url-1 = {http://www.unice.fr/cfevotte/publications/proceedings/icassp14b.pdf},
  url = {http://www.unice.fr/cfevotte/publications/proceedings/icassp14b.pdf}
}

@ARTICLE{SCoNMF,
  author = {N. Seichepine and S.Essid and C. Fevotte, O. Capp\'e},
  title = {Soft Nonnegative Matrix Co-Factorization with Application to Multimodal
	Speaker Diarization},
  journal = {Proc. of IEEE ICASSP},
  year = {2013}
}

@INPROCEEDINGS{Smaragdis03,
  author = {P. Smaragdis and JC. Brown},
  title = {Non-Negative Matrix Factorization for Polyphonic Music Transcription},
  booktitle = {Workshop on Applications of Signal Processing to Audio and Acoustics},
  year = {2003},
  pages = {177-180}
}

@ARTICLE{BP,
  author = {SS. Chen, DL. Donoho, MA. Saunders},
  title = {Atomic Decomposition by Basis Pursuit},
  journal = {SIAM journal on scientific computing},
  year = {2001},
  date-added = {2014-06-26 08:54:58 +0000},
  date-modified = {2014-06-26 08:57:17 +0000}
}

@ARTICLE{tovsic2011dictionary,
  author = {I. To{\v{s}}i{\'c} and P. Frossard},
  title = {Dictionary learning},
  journal = {IEEE Transactions on Signal Processing},
  year = {2011},
  pages = {27-38}
}

@ARTICLE{Tseng10,
  author = {P. Tseng},
  title = {Approximation accuracy, gradient methods, and error bound for structured
	convex optimization},
  journal = {Mathematical Programming},
  year = {2010},
  pages = {263-295}
}

@ARTICLE{tzanetakis2002musical,
  author = {G. Tzanetakis and P. Cook},
  title = {Musical genre classification of audio signals},
  journal = {IEEE transactions on Speech and Audio Processing},
  year = {2002},
  pages = {293-302}
}

@ARTICLE{vincent2010adaptive,
  author = {E. Vincent and N. Bertin and R. Badeau},
  title = {Adaptive harmonic spectral decomposition for multiple pitch estimation},
  journal = {IEEE Transactions on Audio, Speech, and Language Processing.},
  year = {2010},
  pages = {528-537}
}

@INPROCEEDINGS{vincent2003tentative,
  author = {E. Vincent and C. F{\'e}votte and R. Gribonval and L. Benaroya and
	X. Rodet and A. R{\"o}bel and E. Le Carpentier and F. Bimbot},
  title = {A tentative typology of audio source separation tasks},
  booktitle = {Proc. of ICA},
  year = {2003},
  pages = {715-720}
}

@ARTICLE{bsseval,
  author = {E. Vincent and R. Gribonval and C. F\'{e}votte},
  title = {Performance measurement in blind audio source separation},
  journal = {IEEE Transactions on Audio, Speech, Language Process.},
  year = {2006},
  pages = {1462-1469}
}

@ARTICLE{Vincent2006,
  author = {E. Vincent and R. Gribonval and C. F\'{e}votte},
  title = {Performance measurement in blind audio source separation},
  journal = {IEEE Transactions on Audio, Speech, Language Process.},
  year = {2006},
  pages = {1462-1469}
}

@ARTICLE{Virtanen,
  author = {T. Virtanen},
  title = {Monaural Sound Source Separation by Nonnegative Matrix Factorization
	With Temporal Continuity and Sparseness Criteria},
  journal = {IEEE Transactions on Audio, Speech, Language Processing.},
  year = {2007},
  pages = {1066-1074}
}

@INPROCEEDINGS{Doccluster,
  author = {X. Wei and L. Xin and G. Yihong},
  title = {Document clustering based on non-negative matrix factorization.},
  booktitle = {Special Interest Group on Information Retrieval},
  year = {2003},
  pages = {267-273}
}

@PHDTHESIS{optmcvx,
  author = {Pierre Weiss},
  title = {Algorithmes rapides d'optimisation convexe. Applications {\`a} la
	restauration d'images et {\`a} la d{\'e}tection de changements},
  school = {Universit{\'e} de Nice - Sophia Antipolis},
  year = {2008},
  date-added = {2014-06-26 08:33:47 +0000},
  date-modified = {2014-06-26 08:35:55 +0000}
}

@BOOK{wiener1949,
  title = {Extrapolation, interpolation, and smoothing of stationary time series},
  publisher = {MIT press Cambridge, MA},
  year = {1949},
  author = {Wiener, Norbert}
}

@INPROCEEDINGS{wudrum,
  author = {C. Wu and A. Lerch},
  title = {DRUM TRANSCRIPTION USING PARTIALLY FIXED NON-NEGATIVE MATRIX FACTORIZATION},
  booktitle = {Proc. of EUSIPCO},
  year = {2008}
}

@ARTICLE{OnmfYL,
  author = {Z. Yang and J. Laaksonen},
  title = {Multiplicative Updates for Non-negative Projections},
  journal = {Neurocomputing},
  year = {2007},
  pages = {363-373}
}

@ARTICLE{YangOja10,
  author = {Z. Yang and E. Oja},
  title = {Linear and nonlinear projective nonnegative matrix factorization},
  journal = {IEEE Transactions on Neural Network.},
  year = {2010},
  pages = {734-749}
}

@ARTICLE{yuanOja2005,
  author = {Z. Yuan and E. Oja},
  title = {Projective Nonnegative Matrix Factorization for Image Compression
	and Feature Extraction},
  journal = {Image Analysis},
  year = {2005},
  pages = {333-342}
}

@INPROCEEDINGS{zhang2010discriminative,
  author = {Q. Zhang and B. Li},
  title = {Discriminative {K-SVD} for dictionary learning in face recognition},
  booktitle = {Proc. of IEEE CVPR},
  year = {2010},
  pages = {2691-2698},
  organization = {IEEE}
}

@ARTICLE{l1-l2Norm,
  author = {M. Zibulevky and M. Elad},
  title = {L1-l2 optimization in signal processing},
  journal = {IEEE Signal Processing magazine},
  year = {2010},
  pages = {76-88},
  date-added = {2014-06-24 15:03:16 +0000},
  date-modified = {2014-06-24 15:05:28 +0000}
}

